@article{markowits1952portfolio,
  title={Portfolio selection},
  author={Markowits, Harry M},
  journal={Journal of finance},
  volume={7},
  number={1},
  pages={71--91},
  year={1952}
}

@article{mangram2013simplified,
  title={A simplified perspective of the Markowitz portfolio theory},
  author={Mangram, Myles E},
  journal={Global journal of business research},
  volume={7},
  number={1},
  pages={59--70},
  year={2013}
}

@article{steinbach2001markowitz,
  title={Markowitz revisited: Mean-variance models in financial portfolio analysis},
  author={Steinbach, Marc C},
  journal={SIAM review},
  volume={43},
  number={1},
  pages={31--85},
  year={2001},
  publisher={SIAM}
}

@article{biglova2004different,
  title={Different approaches to risk estimation in portfolio theory},
  author={Biglova, Almira and Ortobelli, Sergio and Rachev, Svetlozar T and Stoyanov, Stoyan},
  journal={The Journal of Portfolio Management},
  volume={31},
  number={1},
  pages={103--112},
  year={2004},
  publisher={Institutional Investor Journals Umbrella}
}

@book{roncalli2013introduction,
  title={Introduction to risk parity and budgeting},
  author={Roncalli, Thierry},
  year={2013},
  publisher={CRC Press}
}

@article{roncalli2016risk,
  title={Risk parity portfolios with risk factors},
  author={Roncalli, Thierry and Weisang, Guillaume},
  journal={Quantitative Finance},
  volume={16},
  number={3},
  pages={377--388},
  year={2016},
  publisher={Taylor \& Francis}
}

@article{costa2020robust,
  title={A robust framework for risk parity portfolios},
  author={Costa, Giorgio and Kwon, Roy},
  journal={Journal of Asset Management},
  volume={21},
  number={5},
  pages={447--466},
  year={2020},
  publisher={Springer}
}


@article{clarke2013risk,
  title={Risk parity, maximum diversification, and minimum variance: An analytic perspective},
  author={Clarke, Roger and De Silva, Harindra and Thorley, Steven},
  journal={The Journal of Portfolio Management},
  volume={39},
  number={3},
  pages={39--53},
  year={2013},
  publisher={Institutional Investor Journals Umbrella}
}

@article{qian2005financial,
  title={On the financial interpretation of risk contribution: Risk budgets do add up},
  author={Qian, Edward E},
  journal={Available at SSRN 684221},
  year={2005}
}

@article{fisher2015risk,
  title={Risk parity optimality},
  author={Fisher, Gregg S and Maymin, Philip Z and Maymin, Zakhar G},
  journal={The Journal of Portfolio Management},
  volume={41},
  number={2},
  pages={42--56},
  year={2015},
  publisher={Institutional Investor Journals Umbrella}
}

@incollection{chopra2013effect,
  title={The effect of errors in means, variances, and covariances on optimal portfolio choice},
  author={Chopra, Vijay K and Ziemba, William T},
  booktitle={Handbook of the fundamentals of financial decision making: Part I},
  pages={365--373},
  year={2013},
  publisher={World Scientific}
}

@article{maillard2010properties,
  title={The properties of equally weighted risk contribution portfolios},
  author={Maillard, S{\'e}bastien and Roncalli, Thierry and Te{\"i}letche, J{\'e}r{\^o}me},
  journal={The Journal of Portfolio Management},
  volume={36},
  number={4},
  pages={60--70},
  year={2010},
  publisher={Institutional Investor Journals Umbrella}
}

@article{das2023selection,
  title={Selection of appropriate portfolio optimization strategy},
  author={Das, Akashdeep and Chaudhuri, Tinni and Roy, Surupa Sinha and Biswas, Sanjib and Guha, Banhi},
  journal={Theoretical and Applied Computational Intelligence},
  volume={1},
  number={1},
  pages={58--81},
  year={2023}
}

@book{meucci2005risk,
  title={Risk and asset allocation},
  author={Meucci, Attilio},
  volume={1},
  year={2005},
  publisher={Springer}
}

@article{choueifaty2008toward,
  title={Toward maximum diversification},
  author={Choueifaty, Yves and Coignard, Yves},
  journal={The Journal of Portfolio Management},
  volume={35},
  number={1},
  pages={40--51},
  year={2008},
  publisher={Institutional Investor Journals Umbrella}
}

@article{meucci2009managing,
  title={Managing diversification},
  author={Meucci, Attilio},
  journal={Risk},
  pages={74--79},
  year={2009}
}

@article{bruder2012managing,
  title={Managing risk exposures using the risk budgeting approach},
  author={Bruder, Benjamin and Roncalli, Thierry},
  journal={Available at SSRN 2009778},
  year={2012}
}

@article{lohre2012diversified,
  title={Diversified risk parity strategies for equity portfolio selection},
  author={Lohre, Harald and Neugebauer, Ulrich and Zimmer, Carsten},
  journal={The Journal of Investing},
  volume={21},
  number={3},
  pages={111--128},
  year={2012},
  publisher={Institutional Investor Journals Umbrella}
}


@article{fernholz1998diversity,
  title={Diversity-weighted indexing},
  author={Fernholz, Robert and Garvy, Robert and Hannon, John},
  journal={Journal of Portfolio Management},
  volume={24},
  number={2},
  pages={74},
  year={1998},
  publisher={Pageant Media}
}

@article{booth1992diversification,
  title={Diversification returns and asset contributions},
  author={Booth, David G and Fama, Eugene F},
  journal={Financial Analysts Journal},
  pages={26--32},
  year={1992},
  publisher={JSTOR}
}

@misc{katzke2023portfoliocourse,
  author = {Katzke, N.F.},
  title = {Financial Econometrics Course},
  year = {2023}
}

@misc{katzke2023portfolio,
  author = {Katzke, N.F.},
  title = {Financial Econometrics Course: Portfolio Optimization},
  url = {https://www.fmx.nfkatzke.com/posts/2020-08-07-practical-3/},
  year = {2023}
}

@misc{RPP,
  author = {Z\'{e} Vin\'{i}cius and Daniel P. Palomar},
  title = {Fast Design of Risk Parity Portfolios},
  url = {https://cran.r-project.org/web/packages/riskParityPortfolio/vignettes/RiskParityPortfolio.html#risk-parity-portfolio},
  year = {2019},
  publisher={CRAN}
}

@article{ledoit2003improved,
  title={Improved estimation of the covariance matrix of stock returns with an application to portfolio selection},
  author={Ledoit, Olivier and Wolf, Michael},
  journal={Journal of empirical finance},
  volume={10},
  number={5},
  pages={603--621},
  year={2003},
  publisher={Elsevier}
}

@article{ardia2017impact,
  title={The impact of covariance misspecification in risk-based portfolios},
  author={Ardia, David and Bolliger, Guido and Boudt, Kris and Gagnon-Fleury, Jean-Philippe},
  journal={Annals of Operations Research},
  volume={254},
  pages={1--16},
  year={2017},
  publisher={Springer}
}

@article{lohre2014diversifying,
  title={Diversifying risk parity},
  author={Lohre, Harald and Opfer, Heiko and Orszag, G\'{a}b\'{o}r},
  journal={Journal of Risk},
  volume={16},
  number={5},
  pages={53--79},
  year={2014}
}

@article{chaves2011risk,
  title={Risk parity portfolio vs. other asset allocation heuristic portfolios},
  author={Chaves, Denis and Hsu, Jason and Li, Feifei and Shakernia, Omid},
  journal={Journal of Investing},
  volume={20},
  number={1},
  pages={108},
  year={2011}
}

@article{hallerbach2013advances,
  title={Advances in Portfolio Risk Control: Risk! Parity?},
  author={Hallerbach, Winfried G},
  journal={Parity},
  year={2013}
}

@article{merton1980estimating,
  title={On estimating the expected return on the market: An exploratory investigation},
  author={Merton, Robert C},
  journal={Journal of financial economics},
  volume={8},
  number={4},
  pages={323--361},
  year={1980},
  publisher={Elsevier}
}